@article{Barro2003,
  author    = {Barro, Robert J.},
  title     = {Determinants of Economic Growth in a Panel of Countries},
  journal   = {Annals of Economics and Finance},
  volume    = {4},
  year      = {2003}
}

@article{BarroSalaIMartin1997,
  author    = {Barro, Robert J. and Sala-i-Martin, Xavier},
  title     = {Technological Diffusion, Convergence, and Growth},
  journal   = {Journal of Economic Growth},
  volume    = {2},
  number    = {1},
  year      = {1997}
}

@techreport{BarroSalaIMartin1990,
  author    = {Barro, Robert J. and Sala-i-Martin, Xavier},
  title     = {Economic Growth and Convergence across the United States},
  institution = {National Bureau of Economic Research},
  type      = {Working Paper},
  number    = {3419},
  year      = {1990}
}

@article{BarroSalaIMartin1991,
  author    = {Barro, Robert J. and Sala-i-Martin, Xavier},
  title     = {Convergence},
  journal   = {Journal of Political Economy},
  volume    = {100},
  number    = {2},
  year      = {1991}
}

@article{BernardDurlauf1995,
  author    = {Bernard, Andrew B. and Durlauf, Steven N.},
  title     = {Convergence in International Output},
  journal   = {Journal of Applied Econometrics},
  volume    = {10},
  number    = {2},
  year      = {1995}
}

@techreport{BernardDurlauf1991,
  author    = {Bernard, Andrew B. and Durlauf, Steven N.},
  title     = {Convergence of International Output Movements},
  institution = {National Bureau of Economic Research},
  type      = {Working Paper},
  number    = {3717},
  year      = {1991}
}

@article{BrueggemannTrenkler2007,
  author    = {Br√ºggemann, R. and Trenkler, C.},
  title     = {Are Eastern European Countries Catching Up? Time Series Evidence for Czech Republic, Hungary and Poland},
  journal   = {Applied Economics Letters},
  volume    = {14},
  number    = {46},
  year      = {2007}
}

@article{CarlinoMills1993,
  author    = {Carlino, G. A. and Mills, L. O.},
  title     = {Are U.S. Regional Income Converging? A Time Series Analysis},
  journal   = {Journal of Monetary Economics},
  volume    = {32},
  number    = {2},
  year      = {1993}
}

@article{CaselliEsquivelLefort1996,
  author    = {Caselli, F. and Esquivel, G. and Lefort, F.},
  title     = {Reopening the Convergence Debate: A New Look at Cross Country Growth Empirics},
  journal   = {Journal of Economic Growth},
  volume    = {1},
  number    = {3},
  year      = {1996}
}

@article{CheungPascual2004,
  author    = {Cheung, Y. and Pascual, A. G.},
  title     = {Testing for Output Convergence: A Reexamination},
  journal   = {Oxford Economic Papers},
  volume    = {56},
  number    = {1},
  year      = {2004}
}

@article{CunadoGilAlanaPerezDeGracia2003,
  author    = {Cunado, J. and Gil Alana, L. A. and Perez De Gracia, F.},
  title     = {Empirical Evidence on Real Convergence in Some OECD Countries},
  journal   = {Applied Economics},
  volume    = {10},
  number    = {3},
  year      = {2003}
}

@article{Datta2003,
  author    = {Datta, A.},
  title     = {Time Series Tests of Convergence and Transitional Dynamics},
  journal   = {Economic Letters},
  volume    = {81},
  number    = {2},
  year      = {2003}
}

@article{DawsonStrazicich2010,
  author    = {Dawson, J. W. and Strazicich, M. C.},
  title     = {Time Series Tests of Income Convergence with Two Structural Breaks: Evidence from 29 Countries},
  journal   = {Applied Economics Letters},
  volume    = {17},
  number    = {9},
  year      = {2010}
}

@article{Dobrinsky2003,
  author    = {Dobrinsky, R.},
  title     = {Convergence in Per Capita Income Levels, Productivity Dynamics and Real Exchange Rates in the EU Acceding Countries},
  journal   = {Empirica},
  volume    = {30},
  year      = {2003}
}

@article{EvansKarras1996a,
  author    = {Evans, P. and Karras, G.},
  title     = {Convergence Revisited},
  journal   = {Journal of Monetary Economics},
  volume    = {37},
  number    = {2},
  year      = {1996}
}

@article{EvansKarras1996b,
  author    = {Evans, P. and Karras, G.},
  title     = {Do Economies Converge? Evidence from a Panel of U.S. States},
  journal   = {The Review of Economics and Statistics},
  volume    = {78},
  number    = {3},
  year      = {1996}
}

@article{EvansKim2005,
  author    = {Evans, P. and Kim, J.},
  title     = {Estimating Convergence for Asian Economies using Dynamic Random Variable Models},
  journal   = {Economic Letters},
  volume    = {86},
  number    = {2},
  year      = {2005}
}

@article{EvansKim2011,
  author    = {Evans, P. and Kim, J.},
  title     = {Stochastic Convergence of the Catch up Rate and Multiple Structural Breaks in Asian Countries},
  journal   = {Economics Letters},
  volume    = {111},
  number    = {3},
  year      = {2011}
}

@article{FleissigStrauss2001,
  author    = {Fleissig, M. B. and Strauss, J.},
  title     = {Panel Unit Root Tests of OECD Stochastic Convergence},
  journal   = {Review of International Economics},
  volume    = {9},
  number    = {1},
  year      = {2001}
}

@article{IngianniZdarek2009,
  author    = {Ingianni, A. and Zdarek, V.},
  title     = {Real Convergence in the New Member States: Myth or Reality?},
  journal   = {Journal of Economic Integration},
  volume    = {24},
  number    = {2},
  year      = {2009}
}

@article{Islam1995,
  author    = {Islam, N.},
  title     = {Growth Empirics: A Panel Data Approach},
  journal   = {Quarterly Journal of Economics},
  volume    = {110},
  number    = {4},
  year      = {1995}
}

@article{Jones2002,
  author    = {Jones, B.},
  title     = {Economic Integration and Convergence of Per Capita Income in West Africa},
  journal   = {African Development Review},
  volume    = {14},
  number    = {1},
  year      = {2002}
}

@article{Kim2005,
  author    = {Kim, J.},
  title     = {Convergence Hypothesis of Regional Income in Korea},
  journal   = {Applied Economics Letters},
  volume    = {12},
  number    = {7},
  year      = {2005}
}

@article{Kocenda2001,
  author    = {Kocenda, E.},
  title     = {Macroeconomic Convergence in Transition Countries},
  journal   = {Journal of Comparative Economics},
  volume    = {29},
  number    = {1},
  year      = {2001}
}

@article{KocendaKutanYigit2006,
  author    = {Kocenda, E. and Kutan, A. M. and Yigit, T. M.},
  title     = {Pilgrims to the Eurozone: How Far, How Fast?},
  journal   = {Economic Systems},
  volume    = {30},
  number    = {4},
  year      = {2006}
}

@article{LeeLongmireMatyasHarris1998,
  author    = {Lee, M. and Longmire, R. and Matyas, L. and Harris, M.},
  title     = {Growth Convergence: Some Panel Data Evidence},
  journal   = {Applied Economics},
  volume    = {30},
  number    = {7},
  year      = {1998}
}

@article{LiPapell1999,
  author    = {Li, Q. and Papell, D.},
  title     = {Convergence of International Output, Time Series Evidence for 16 OECD Countries},
  journal   = {International Review of Economics and Finance},
  volume    = {8},
  number    = {3},
  year      = {1999}
}

@article{LimMcAleer2004,
  author    = {Lim, L. K. and McAleer, M.},
  title     = {Convergence and Catching up in ASEAN: A Comparative Analysis},
  journal   = {Applied Economics},
  volume    = {36},
  number    = {2},
  year      = {2004}
}

@article{LoewyPapell1996,
  author    = {Loewy, M. B. and Papell, D. H.},
  title     = {Are U.S. Regional Income Converging? Some Further Evidence},
  journal   = {Journal of Monetary Economics},
  volume    = {38},
  number    = {3},
  year      = {1996}
}

@article{MankiwRomerWeil1992,
  author    = {Mankiw, N. G. and Romer, D. and Weil, D. N.},
  title     = {A Contribution to the Empirics of Economic Growth},
  journal   = {Quarterly Journal of Economics},
  volume    = {107},
  number    = {2},
  year      = {1992}
}

@book{MartinWinkler2009,
  author    = {Martin, R. and Winkler, A.},
  title     = {Real Convergence in Central, Eastern and South Eastern Europe},
  publisher = {Palgrave Macmillan},
  address   = {UK},
  year      = {2009}
}

@article{OxleyGreasley1995,
  author    = {Oxley, L. and Greasley, D.},
  title     = {A Time Series Perspective on Convergence: Australia, U.K. and U.S.A since 1870},
  journal   = {The Economic Record},
  volume    = {71},
  number    = {214},
  year      = {1995}
}

@article{OxleyGreasley1999,
  author    = {Oxley, L. and Greasley, D.},
  title     = {A Nordic Convergence Club?},
  journal   = {Applied Economics Letters},
  volume    = {6},
  number    = {3},
  year      = {1999}
}

@article{Pesaran2007,
  author    = {Pesaran, M. H.},
  title     = {A Pair Wise Approach to Testing for Output and Growth Convergence},
  journal   = {Journal of Econometrics},
  volume    = {138},
  number    = {1},
  year      = {2007}
}

@article{Prochniak2011,
  author    = {Prochniak, M.},
  title     = {Determinants of Economic Growth in Central and Eastern Europe: The Global Crisis Perspective},
  journal   = {Post-Communist Economies},
  volume    = {23},
  number    = {4},
  year      = {2011}
}

@article{RapackiProchniak2009,
  author    = {Rapacki, R. and Prochniak, M.},
  title     = {Real Beta and Sigma Convergence in 27 Transition Countries, 1990-2005},
  journal   = {Post-Communist Economies},
  volume    = {21},
  number    = {3},
  year      = {2009}
}

@article{RomeroAvila2009,
  author    = {Romero Avila, D.},
  title     = {The Convergence Hypothesis for OECD Countries Reconsidered: Panel Data Evidence with Multiple Breaks, 1870-2003},
  journal   = {The Manchester School},
  volume    = {77},
  number    = {4},
  year      = {2009}
}

@article{SalaiMartin1996b,
  author    = {Sala-i-Martin, Xavier},
  title     = {Regional Cohesion: Evidence and Theories of Regional Growth and Convergence},
  journal   = {European Economic Review},
  volume    = {40},
  number    = {6},
  year      = {1996}
}

@article{StAubyn1999,
  author    = {St. Aubyn, M.},
  title     = {Convergence across Industrialized Countries (1890-1989): New Results Using Time Series Methods},
  journal   = {Empirical Economics},
  volume    = {24},
  number    = {1},
  year      = {1999}
}

@article{StrazicichLeeDay2004,
  author    = {Strazicich, M. C. and Lee, J. and Day, E.},
  title     = {Are Incomes Converging Among OECD Countries? Time Series Evidence with Two Structural Breaks},
  journal   = {Journal of Macroeconomics},
  volume    = {26},
  number    = {1},
  year      = {2004}
}

@article{Temple1998,
  author    = {Temple, J.},
  title     = {Robustness Tests of the Augmented Solow Model},
  journal   = {Journal of Applied Econometrics},
  volume    = {13},
  number    = {4},
  year      = {1998}
}

@article{VojinovicOplotnikZ2008,
  author    = {Vojinovic, B. and Oplotnik, J. Z.},
  title     = {Real Convergence in the New EU Member States},
  journal   = {Prague Economic Papers},
  year      = {2008}
}

@article{VojinovicAcharyaProchniak2009,
  author    = {Vojinovic, B. and Acharya, S. and Prochniak, M.},
  title     = {Convergence Analysis Among the Ten European Transition Economies},
  journal   = {Hitotsubashi Journal of Economics},
  volume    = {50},
  number    = {2},
  year      = {2009}
}

@techreport{YigitKutan2004,
  author    = {Yigit, Taner M. and Kutan, Ali M.},
  title     = {European Integration, Productivity Growth and Real Convergence},
  institution = {ZEI Center for European Integration Studies, University of Bonn},
  type      = {Working Paper},
  number    = {B 08 2004},
  year      = {2004}
}

@article{MichelacciZaffaroni2000,
  author    = {Michelacci, C. and Zaffaroni, P.},
  title     = {Fractional Beta Convergence},
  journal   = {Journal of Monetary Economics},
  volume    = {45},
  year      = {2000}
}

@incollection{GilAlanaHualde2009,
  author    = {Gil-Alana, L. A. and Hualde, J.},
  title     = {Fractional Integration and Cointegration. An Overview and an Empirical Application},
  booktitle = {Palgrave Handbook of Econometrics},
  volume    = {2},
  editor    = {Mills, Terence C. and Patterson, Kerry},
  publisher = {Palgrave Macmillan},
  year      = {2009}
}

@techreport{SilverbergVerspagen1999,
  author    = {Silverberg, G. and Verspagen, B.},
  title     = {Long Memory in Time Series of Economic Growth and Convergence},
  institution = {Eindhoven Centre for Innovation Studies},
  type      = {Working Paper},
  number    = {99.8},
  year      = {1999}
}

@article{CunadoGilAlanaPerezDeGracia2006,
  author    = {Cunado, J. and Gil-Alana, L. A. and P√©rez de Gracia, F.},
  title     = {Additional Empirical Evidence on Real Convergence: A Fractionally Integrated Approach},
  journal   = {Review of World Economics},
  volume    = {142},
  number    = {1},
  year      = {2006}
}

@article{MelloGuimaraesFilho2007,
  author    = {Mello, M. and Guimaraes-Filho, R.},
  title     = {A Note on Fractional Stochastic Convergence},
  journal   = {Economics Bulletin},
  volume    = {3},
  number    = {16},
  year      = {2007}
}

@article{AyalaCunadoGilAlana2012,
  author    = {Ayala, A. and Cunado, J. and Gil-Alana, L. A.},
  title     = {Real Convergence in Latin America: A Fractionally Integrated Approach},
  journal   = {Applied Financial Economics},
  volume    = {22},
  pages     = {20},
  year      = {2012}
}

@article{SkareStjepanovic2013,
  author    = {≈†kare, M. and Stjepanoviƒá, S.},
  title     = {A Fractionally Integrated Model for the Croatian Aggregate Output Series},
  journal   = {Economic Research},
  volume    = {26},
  number    = {2},
  year      = {2013}
}

@article{Barro1991,
  author    = {Barro, Robert J.},
  title     = {Economic Growth in a Cross Section of Countries},
  journal   = {Quarterly Journal of Economics},
  volume    = {106},
  number    = {2},
  year      = {1991}
}

@article{KnightLoayzaVillanueva1993,
  author    = {Knight, M. and Loayza, N. and Villanueva, D.},
  title     = {Testing the Neoclassical Theory of Economic Growth: A Panel Data Approach},
  journal   = {IMF Staff Papers},
  volume    = {40},
  number    = {3},
  year      = {1993}
}

@techreport{BondHoefflerTemple2001,
  author    = {Bond, S. and Hoeffler, A. and Temple, J.},
  title     = {GMM Estimation of Empirical Growth Models},
  institution = {Center for Economic Policy Research (CEPR)},
  type      = {Discussion Paper},
  number    = {3048},
  year      = {2001}
}

@article{BernardDurlauf1996,
  author    = {Bernard, Andrew B. and Durlauf, Steven N.},
  title     = {Interpreting Tests of the Convergence Hypothesis},
  journal   = {Journal of Econometrics},
  volume    = {71},
  number    = {1-2},
  year      = {1996}
}

@article{McCoskey2002,
  author    = {McCoskey, S. K.},
  title     = {Convergence in Sub-Saharan Africa: A Non-Stationary Panel Data Approach},
  journal   = {Applied Economics},
  volume    = {34},
  number    = {7},
  year      = {2002}
}

@article{Robinson1995b,
  author    = {Robinson, P. M.},
  title     = {Log-periodogram Regression of Time Series with Long Range Dependence},
  journal   = {Annals of Statistics},
  volume    = {23},
  year      = {1995}
}

@article{Robinson1995a,
  author    = {Robinson, P. M.},
  title     = {Gaussian Semiparametric Estimation of Long Range Dependence},
  journal   = {Annals of Statistics},
  volume    = {23},
  year      = {1995}
}

@article{GewekePorterHudak1983,
  author    = {Geweke, J. and Porter-Hudak, S.},
  title     = {The Estimation and Application of Long Memory Time Series Models},
  journal   = {Journal of Time Series Analysis},
  volume    = {4},
  number    = {4},
  year      = {1983}
}

@techreport{Phillips1999a,
  author    = {Phillips, P. C. B.},
  title     = {Discrete Fourier Transform of Fractional Processes},
  institution = {Cowles Foundation for Research in Economics},
  type      = {Unpublished Working Paper},
  number    = {1243},
  year      = {1999}
}

@techreport{Phillips1999b,
  author    = {Phillips, P. C. B.},
  title     = {Unit Root Log Periodogram Regression},
  institution = {Cowles Foundation for Research in Economics},
  type      = {Discussion Paper},
  year      = {1999}
}

@article{Aslund2018,
  author    = {√Öslund, A.},
  title     = {What Happened to the Economic Convergence of Central and Eastern Europe after the Global Financial Crisis?},
  journal   = {Comparative Economic Studies},
  volume    = {60},
  pages     = {254--270},
  year      = {2018}
}

@article{Dombi2013,
  author    = {Dombi, A.},
  title     = {The Sources of Economic Growth and Relative Backwardness in the Central Eastern European Countries between 1995 and 2007},
  journal   = {Post-Communist Economies},
  volume    = {25},
  pages     = {425--447},
  year      = {2013}
}

@article{LevenkoOjaStaehr2019,
  author    = {Levenko, N. and Oja, K. and Staehr, K.},
  title     = {Total Factor Productivity Growth in Central and Eastern Europe Before, During and After the Global Financial Crisis},
  journal   = {Post-Communist Economies},
  volume    = {31},
  pages     = {137--160},
  year      = {2019}
}

@article{MonfortCuestasOrdonez2013,
  author    = {Monfort, M. and Cuestas, J. C. and Ord√≥√±ez, J.},
  title     = {Real Convergence in Europe: A Cluster Analysis},
  journal   = {Economic Modelling},
  volume    = {33},
  pages     = {689--694},
  year      = {2013}
}

@article{PapiStavrevTulin2018,
  author    = {Papi, L. and Stavrev, E. and Tulin, V.},
  title     = {Central, Eastern, and Southeastern European Countries‚Äô Convergence: A Look at the Past and Considerations for the Future},
  journal   = {Comparative Economic Studies},
  volume    = {60},
  pages     = {271--299},
  year      = {2018}
}

@article{RapackiProchniak2019,
  author    = {Rapacki, R. and Papi, M. P.},
  title     = {EU Membership and Economic Growth: Empirical Evidence for the CEE Countries},
  journal   = {European Journal of Comparative Economics},
  volume    = {16},
  pages     = {3--40},
  year      = {2019}
}

@article{SzelesMarinescu2010,
  author    = {Szeles, M. R. and Marinescu, N.},
  title     = {Real Convergence in the CEECs, Euro Area Accession and the Role of Romania},
  journal   = {European Journal of Comparative Economics},
  volume    = {7},
  pages     = {181--202},
  year      = {2010}
}

@article{MichelacciZaffaroni2000,
  author    = {Michelacci, C. and Zaffaroni, P.},
  title     = {Fractional Beta Convergence},
  journal   = {Journal of Monetary Economics},
  volume    = {45},
  year      = {2000}
}

@incollection{GilAlanaHualde2009,
  author    = {Gil-Alana, L. A. and Hualde, J.},
  title     = {Fractional Integration and Cointegration. An Overview and an Empirical Application},
  booktitle = {Palgrave Handbook of Econometrics},
  volume    = {2},
  editor    = {Mills, Terence C. and Patterson, Kerry},
  publisher = {Palgrave Macmillan},
  year      = {2009}
}

@techreport{SilverbergVerspagen1999,
  author    = {Silverberg, G. and Verspagen, B.},
  title     = {Long Memory in Time Series of Economic Growth and Convergence},
  institution = {Eindhoven Centre for Innovation Studies},
  type      = {Working Paper},
  number    = {99.8},
  year      = {1999}
}

@article{CunadoGilAlanaPerezDeGracia2006,
  author    = {Cunado, J. and Gil Alana, L. A. and P√©rez de Gracia, F.},
  title     = {Additional Empirical Evidence on Real Convergence: A Fractionally Integrated Approach},
  journal   = {Review of World Economics},
  volume    = {142},
  number    = {1},
  year      = {2006}
}

@article{MelloGuimaraesFilho2007,
  author    = {Mello, M. and Guimaraes-Filho, R.},
  title     = {A Note on Fractional Stochastic Convergence},
  journal   = {Economics Bulletin},
  volume    = {3},
  number    = {16},
  year      = {2007}
}

@article{AyalaCunadoGilAlana2012,
  author    = {Ayala, A. and Cunado, J. and Gil-Alana, L. A.},
  title     = {Real Convergence in Latin America: A Fractionally Integrated Approach},
  journal   = {Applied Financial Economics},
  volume    = {22},
  pages     = {20},
  year      = {2012}
}

@article{SkareStjepanovic2013,
  author    = {≈†kare, M. and Stjepanoviƒá, S.},
  title     = {A Fractionally Integrated Model for the Croatian Aggregate Output Series},
  journal   = {Economic Research},
  volume    = {26},
  number    = {2},
  year      = {2013}
}

@article{Barro1991Duplicate,
  author    = {Barro, Robert J.},
  title     = {Economic Growth in a Cross Section of Countries},
  journal   = {Quarterly Journal of Economics},
  volume    = {106},
  number    = {2},
  year      = {1991}
}

@article{KnightLoayzaVillanueva1993,
  author    = {Knight, M. and Loayza, N. and Villanueva, D.},
  title     = {Testing the Neoclassical Theory of Economic Growth: A Panel Data Approach},
  journal   = {IMF Staff Papers},
  volume    = {40},
  number    = {3},
  year      = {1993}
}

@techreport{BondHoefflerTemple2001,
  author    = {Bond, S. and Hoeffler, A. and Temple, J.},
  title     = {GMM Estimation of Empirical Growth Models},
  institution = {Center for Economic Policy Research (CEPR)},
  type      = {Discussion Paper},
  number    = {3048},
  year      = {2001}
}

@article{BernardDurlauf1996,
  author    = {Bernard, Andrew B. and Durlauf, Steven N.},
  title     = {Interpreting Tests of the Convergence Hypothesis},
  journal   = {Journal of Econometrics},
  volume    = {71},
  number    = {1-2},
  year      = {1996}
}

@article{McCoskey2002,
  author    = {McCoskey, S. K.},
  title     = {Convergence in Sub-Saharan Africa: A Non-Stationary Panel Data Approach},
  journal   = {Applied Economics},
  volume    = {34},
  number    = {7},
  year      = {2002}
}

@article{Robinson1995b,
  author    = {Robinson, P. M.},
  title     = {Log-periodogram Regression of Time Series with Long Range Dependence},
  journal   = {Annals of Statistics},
  volume    = {23},
  year      = {1995}
}

@article{Robinson1995a,
  author    = {Robinson, P. M.},
  title     = {Gaussian Semiparametric Estimation of Long Range Dependence},
  journal   = {Annals of Statistics},
  volume    = {23},
  year      = {1995}
}

@article{GewekePorterHudak1983,
  author    = {Geweke, J. and Porter-Hudak, S.},
  title     = {The Estimation and Application of Long Memory Time Series Models},
  journal   = {Journal of Time Series Analysis},
  volume    = {4},
  number    = {4},
  year      = {1983}
}

@techreport{Phillips1999a,
  author    = {Phillips, P. C. B.},
  title     = {Discrete Fourier Transform of Fractional Processes},
  institution = {Cowles Foundation for Research in Economics},
  type      = {Unpublished Working Paper},
  number    = {1243},
  year      = {1999}
}

@techreport{Phillips1999b,
  author    = {Phillips, P. C. B.},
  title     = {Unit Root Log Periodogram Regression},
  institution = {Cowles Foundation for Research in Economics},
  type      = {Discussion Paper},
  year      = {1999}
}

@article{Aslund2018,
  author    = {√Öslund, A.},
  title     = {What Happened to the Economic Convergence of Central and Eastern Europe after the Global Financial Crisis?},
  journal   = {Comparative Economic Studies},
  volume    = {60},
  pages     = {254--270},
  year      = {2018}
}

@article{Dombi2013,
  author    = {Dombi, A.},
  title     = {The Sources of Economic Growth and Relative Backwardness in the Central Eastern European Countries between 1995 and 2007},
  journal   = {Post-Communist Economies},
  volume    = {25},
  pages     = {425--447},
  year      = {2013}
}

@article{LevenkoOjaStaehr2019,
  author    = {Levenko, N. and Oja, K. and Staehr, K.},
  title     = {Total Factor Productivity Growth in Central and Eastern Europe Before, During and After the Global Financial Crisis},
  journal   = {Post-Communist Economies},
  volume    = {31},
  pages     = {137--160},
  year      = {2019}
}

@article{MonfortCuestasOrdonez2013,
  author    = {Monfort, M. and Cuestas, J. C. and Ord√≥√±ez, J.},
  title     = {Real Convergence in Europe: A Cluster Analysis},
  journal   = {Economic Modelling},
  volume    = {33},
  pages     = {689--694},
  year      = {2013}
}

@article{PapiStavrevTulin2018,
  author    = {Papi, L. and Stavrev, E. and Tulin, V.},
  title     = {Central, Eastern, and Southeastern European Countries‚Äô Convergence: A Look at the Past and Considerations for the Future},
  journal   = {Comparative Economic Studies},
  volume    = {60},
  pages     = {271--299},
  year      = {2018}
}

@article{RapackiProchniak2019,
  author    = {Rapacki, R. and Papi, M. P.},
  title     = {EU Membership and Economic Growth: Empirical Evidence for the CEE Countries},
  journal   = {European Journal of Comparative Economics},
  volume    = {16},
  pages     = {3--40},
  year      = {2019}
}

@article{SzelesMarinescu2010,
  author    = {Szeles, M. R. and Marinescu, N.},
  title     = {Real Convergence in the CEECs, Euro Area Accession and the Role of Romania},
  journal   = {European Journal of Comparative Economics},
  volume    = {7},
  pages     = {181--202},
  year      = {2010}
}

@article{MichelacciZaffaroni2000,
  author    = {Michelacci, C. and Zaffaroni, P.},
  title     = {Fractional Beta Convergence},
  journal   = {Journal of Monetary Economics},
  volume    = {45},
  year      = {2000}
}

@incollection{GilAlanaHualde2009,
  author    = {Gil-Alana, L. A. and Hualde, J.},
  title     = {Fractional Integration and Cointegration. An Overview and an Empirical Application},
  booktitle = {Palgrave Handbook of Econometrics},
  volume    = {2},
  editor    = {Mills, Terence C. and Patterson, Kerry},
  publisher = {Palgrave Macmillan},
  year      = {2009}
}
